@article{souza2022,
  title={Ecovisor: A Virtual Energy System for Carbon-Efficient Applications},
  author={Souza, Abel and Bashir, Noman and Murillo, Jorge and Hanafy, Walid
          and Liang, Qianlin and Irwin, David and Shenoy, Prashant},
  journal={arXiv preprint arXiv:2210.04951},
  year={2022}
}

@inproceedings{wiesner2021,
    author={Philipp Wiesner and Ilja Behnke and Dominik Scheinert and Kordian Gontarska and Lauritz Thamsen},
    title={Let{\textquotesingle}s wait awhile},
    booktitle={Proceedings of the 22nd International Middleware Conference},
    publisher={{ACM}},
    year=2021,
    month={dec},
}

@incollection{wiesner2022,
    author={Philipp Wiesner and Dominik Scheinert and Thorsten Wittkopp and Lauritz Thamsen and Odej Kao},
    title={Cucumber: Renewable-Aware Admission Control for~Delay-Tolerant Cloud and~Edge Workloads},
    booktitle={Euro-Par 2022: Parallel Processing},
    year=2022,
    publisher={Springer International Publishing},
    pages={218--232},
}

@article{steinbrink2019,
    author={Steinbrink, Cornelius and Blank-Babazadeh, Marita and El-Ama,
            André and Holly, Stefanie and Lüers, Bengt and Nebel-Wenner,
            Marvin and Ramírez Acosta, Rebeca P. and Raub, Thomas and
            Schwarz, Jan Sören and Stark, Sanja and Nieße, Astrid and
            Lehnhoff, Sebastian},
    title={CPES Testing with mosaik: Co-Simulation Planning, Execution and
           Analysis},
    journal={Applied Sciences},
    volume={9},
    year={2019},
    number={5},
}
