@inproceedings{souza2023,
    title={Ecovisor: A Virtual Energy System for Carbon-Efficient Applications},
    author={Souza, Abel and Bashir, Noman and Murillo, Jorge and Hanafy, Walid and Liang, Qianlin and Irwin, David and Shenoy, Prashant},
    booktitle={Proceedings of the 28th ACM International Conference on Architectural Support for Programming Languages and Operating Systems, Volume 2},
    pages={252--265},
    year={2023}
}

@inproceedings{wiesner2021,
    author={Philipp Wiesner and Ilja Behnke and Dominik Scheinert and Kordian Gontarska and Lauritz Thamsen},
    title={Let{\textquotesingle}s wait awhile},
    booktitle={Proceedings of the 22nd International Middleware Conference},
    publisher={{ACM}},
    year={2021},
    month={dec},
}

@incollection{wiesner2022,
    author={Philipp Wiesner and Dominik Scheinert and Thorsten Wittkopp and Lauritz Thamsen and Odej Kao},
    title={Cucumber: Renewable-Aware Admission Control for~Delay-Tolerant Cloud and~Edge Workloads},
    booktitle={Euro-Par 2022: Parallel Processing},
    year={2022},
    publisher={Springer International Publishing},
    pages={218--232},
}

@article{steinbrink2019,
    author={Steinbrink, Cornelius and Blank-Babazadeh, Marita and El-Ama,
            André and Holly, Stefanie and Lüers, Bengt and Nebel-Wenner,
            Marvin and Ramírez Acosta, Rebeca P. and Raub, Thomas and
            Schwarz, Jan Sören and Stark, Sanja and Nieße, Astrid and
            Lehnhoff, Sebastian},
    title={CPES Testing with mosaik: Co-Simulation Planning, Execution and
           Analysis},
    journal={Applied Sciences},
    volume={9},
    year={2019},
    number={5},
}

@article{brown2020,
    title={Language models are few-shot learners},
    author={Brown, Tom and Mann, Benjamin and Ryder, Nick and Subbiah, Melanie and Kaplan, Jared D and Dhariwal, Prafulla and Neelakantan, Arvind and Shyam, Pranav and Sastry, Girish and Askell, Amanda and others},
    journal={Advances in neural information processing systems},
    volume={33},
    pages={1877--1901},
    year={2020}
}

@article{zhang2010,
    title={Cloud computing: state-of-the-art and research challenges},
    author={Zhang, Qi and Cheng, Lu and Boutaba, Raouf},
    journal={Journal of internet services and applications},
    volume={1},
    pages={7--18},
    year={2010},
    publisher={Springer}
}

@article{siddik2021,
    title={The environmental footprint of data centers in the United States},
    author={Siddik, Md Abu Bakar and Shehabi, Arman and Marston, Landon},
    journal={Environmental Research Letters},
    volume={16},
    number={6},
    pages={064017},
    year={2021},
    publisher={IOP Publishing}
}

@misc{brockman2022,
    author={Greg Brockman},
    title={ChatGPT just crossed 1 million users},
    url={https://twitter.com/gdb/status/1599683104142430208?s=20&t=-7V8elwpZ93qiIhwxnzVBA},
    howpublished={Twitter},
    year={2022},
    month={dec},
    note={Accessed: 16.02.2023}
}

@misc{gartner2022,
    author={{Gartner Inc.}},
    title={Gartner Forecasts Worldwide Public Cloud End-User Spending to Reach Nearly \$600 Billion in 2023},
    url={https://www.gartner.com/en/newsroom/press-releases/2022-10-31-gartner-forecasts-worldwide-public-cloud-end-user-spending-to-reach-nearly-600-billion-in-2023},
    year={2022},
    month={oct},
    note={Accessed: 16.02.2023}
}

@misc{google_carbon,
    author={{Google LLC}},
    title={Building a carbon-free future for all},
    url={https://sustainability.google/commitments/carbon/},
    note={Accessed: 16.02.2023}
}

@misc{amazon_carbon,
    author={{Amazon.com, Inc.}},
    title={Sustainability in the Cloud},
    url={https://sustainability.aboutamazon.com/environment/the-cloud},
    note={Accessed: 16.02.2023}
}

@misc{mosaik_docs,
    author={{OFFIS -- Institut für Informatik}},
    title={Mosaik 3.1.1 Documentation},
    url={https://mosaik.readthedocs.io},
    note={Accessed: 16.02.2023}
}

@misc{mosaik_ecosystem,
    author={{OFFIS -- Institut für Informatik}},
    title={mosaik-components contains some components, which can be used as base for a co-simulation scenario},
    url={https://gitlab.com/mosaik/components},
    note={Accessed: 16.02.2023}
}

@article{scarlat2022,
    title={Quantification of the carbon intensity of electricity produced and used in Europe},
    journal={Applied Energy},
    volume={305},
    pages={117901},
    year={2022},
    author={Nicolae Scarlat and Matteo Prussi and Monica Padella},
}

@article{murugesan2008,
    author={Murugesan, San},
    journal={IT Professional},
    title={Harnessing Green IT: Principles and Practices},
    year={2008},
    volume={10},
    number={1},
    pages={24-33},
}

@inproceedings{beilharz2021,
    author={Beilharz, Jossekin and Wiesner, Philipp and Boockmeyer, Arne and
            Brokhausen, Florian and Behnke, Ilja and Schmid, Robert and Pirl,
            Lukas and Thamsen, Lauritz},
    booktitle={2021 IEEE International Conference on Pervasive Computing and
               Communications Workshops and other Affiliated Events (PerCom
               Workshops)},
    title={Towards a Staging Environment for the Internet of Things},
    year={2021},
    pages={312-315},
}

@article{hagenmeyer2016,
    author={Hagenmeyer, Veit and Kemal Çakmak, Hüseyin and Düpmeier, Clemens
            and Faulwasser, Timm and Isele, Jörg and Keller, Hubert B. and
            Kohlhepp, Peter and Kühnapfel, Uwe and Stucky, Uwe and Waczowicz,
            Simon and Mikut, Ralf},
    title={Information and Communication Technology in Energy Lab 2.0: Smart
           Energies System Simulation and Control Center with an
           Open-Street-Map-Based Power Flow Simulation Example},
    journal={Energy Technology},
    volume={4},
    number={1},
    pages={145-162},
    year={2016}
}

@article{cintuglu2017,
    author={Cintuglu, Mehmet Hazar and Mohammed, Osama A. and Akkaya, Kemal and
            Uluagac, A. Selcuk},
    journal={IEEE Communications Surveys \& Tutorials},
    title={A Survey on Smart Grid Cyber-Physical System Testbeds},
    year={2017},
    volume={19},
    number={1},
    pages={446-464},
}

@inproceedings{mambretti2015,
    author={Mambretti, Joe and Chen, Jim and Yeh, Fei},
    booktitle={2015 International Conference on Cloud Computing Research and Innovation (ICCCRI)},
    title={Next Generation Clouds, the Chameleon Cloud Testbed, and Software Defined Networking (SDN)},
    year={2015},
    volume={},
    number={},
    pages={73-79},
}

@article{mansouri2020,
    title={Cloud computing simulators: A comprehensive review},
    journal={Simulation Modelling Practice and Theory},
    volume={104},
    pages={102144},
    year={2020},
    author={N. Mansouri and R. Ghafari and B. Mohammad Hasani Zade},
}

@misc{electricity_maps,
    author={{Electricity Maps A/S }},
    title={Reduce carbon emissions with actionable electricity data},
    url={https://www.electricitymaps.com/},
    note={Accessed: 16.02.2023}
}

@article{vogt2018,
    title={A survey and statistical analysis of smart grid co-simulations},
    journal={Applied Energy},
    volume={222},
    pages={67-78},
    year={2018},
    author={Mike Vogt and Frank Marten and Martin Braun},
}

@inproceedings{rehtanz2016,
    author={Rehtanz, Christian and Guillaud, Xavier},
    booktitle={2016 Power Systems Computation Conference (PSCC)},
    title={Real-time and co-simulations for the development of power system monitoring, control and protection},
    year={2016},
    volume={},
    number={},
    pages={1-20},
}

@article{kelemenova2013,
    title={Model based design and HIL simulations},
    author={Kelemenov{\'a}, Tatiana and Kelemen, Michal and Mikov{\'a}, L'ubica and Maxim, Vladislav and Prada, Erik and Lipt{\'a}k, Tom{\'a}{\v{s}} and Menda, Franti{\v{s}}ek},
    journal={American Journal of Mechanical Engineering},
    volume={1},
    number={7},
    pages={276--281},
    year={2013}
}

@article{bourdon2013,
    title={Powerapi: A software library to monitor the energy consumed at the
           process-level},
    author={Bourdon, Aur{\'e}lien and Noureddine, Adel and Rouvoy, Romain and
            Seinturier, Lionel},
    journal={ERCIM News},
    volume={2013},
    number={92},
    year={2013}
}

@misc{docker_python,
	author={{Docker Inc}},
	title={Python Docker},
	url={https://github.com/docker/docker-py},
	note={Accessed: 03.03.2023}
}

@misc{fastapi,
	author={{Sebastián Ramírez}},
	title={FastAPI},
	url={https://fastapi.tiangolo.com},
	note={Accessed: 03.03.2023}
}

@misc{redis,
	author={{Redis Ltd}},
	title={Redis},
	url={https://redis.io},
	note={Accessed: 03.03.2023}
}

@misc{uvicorn,
	author={{Encode UK Ltd}},
	title={Uvicorn},
	url={https://www.uvicorn.org},
	note={Accessed: 03.03.2023}
}

@misc{RedisJSON,
	author={{Redis Ltd}},
	title={RedisJSON},
	url={https://hub.docker.com/r/redislabs/rejson},
	note={Accessed: 03.03.2023}
}